<record><leader>00000cas a2200000 a 4500</leader><controlfield tag="001">34199899</controlfield><controlfield tag="007">hd afu---baca</controlfield><controlfield tag="008">960215d19281937nbuwr nea     0    0eng d</controlfield><datafield ind1=" " ind2=" " tag="010"><subfield code="a">sn 95073439 </subfield></datafield><datafield ind1=" " ind2=" " tag="040"><subfield code="a">NVG</subfield><subfield code="b">eng</subfield><subfield code="c">NVG</subfield><subfield code="d">OCL</subfield><subfield code="d">OCLCQ</subfield><subfield code="d">OCLCF</subfield><subfield code="d">OCLCO</subfield><subfield code="d">OCLCQ</subfield></datafield><datafield ind1=" " ind2=" " tag="042"><subfield code="a">msc</subfield></datafield><datafield ind1=" " ind2=" " tag="043"><subfield code="a">n-us-nb</subfield></datafield><datafield ind1="0" ind2=" " tag="130"><subfield code="a">Omaha world-herald (Omaha, Neb. : 1928 : Sunday ed.)</subfield></datafield><datafield ind1="1" ind2="0" tag="245"><subfield code="a">Omaha world-herald.</subfield></datafield><datafield ind1="1" ind2="7" tag="246"><subfield code="a">Sunday world-herald</subfield></datafield><datafield ind1=" " ind2=" " tag="260"><subfield code="a">Omaha, Neb. :</subfield><subfield code="b">[World Pub. Co.],</subfield><subfield code="c">1928-1937.</subfield></datafield><datafield ind1=" " ind2=" " tag="300"><subfield code="a">10 volumes ;</subfield><subfield code="c">56 cm</subfield></datafield><datafield ind1=" " ind2=" " tag="310"><subfield code="a">Weekly</subfield></datafield><datafield ind1=" " ind2=" " tag="336"><subfield code="a">text</subfield><subfield code="b">txt</subfield><subfield code="2">rdacontent</subfield></datafield><datafield ind1=" " ind2=" " tag="337"><subfield code="a">microform</subfield><subfield code="b">h</subfield><subfield code="2">rdamedia</subfield></datafield><datafield ind1=" " ind2=" " tag="338"><subfield code="a">microfilm reel</subfield><subfield code="b">hd</subfield><subfield code="2">rdacarrier</subfield></datafield><datafield ind1="0" ind2=" " tag="362"><subfield code="a">Vol. 64, no. 6 (Nov. 11, 1928)-v. 68, no. 34 (May 21, 1933); v. 48, no. 35 (May 28, 1933)-52nd year, no. 50 [i.e. no. 51] (Aug. 22, 1937).</subfield></datafield><datafield ind1=" " ind2=" " tag="515"><subfield code="a">Numbering irregular.</subfield></datafield><datafield ind1=" " ind2=" " tag="580"><subfield code="a">Daily eds.: Omaha world-herald (Omaha, Neb. : 1928 : Evening ed.); Omaha world-herald (Omaha, Neb. : 1928 : Morning ed.).</subfield></datafield><datafield ind1=" " ind2=" " tag="533"><subfield code="a">Microfilm.</subfield><subfield code="b">New York, [N.Y.] :</subfield><subfield code="c">Recordak Corporation.</subfield><subfield code="e">168 microfilm reels ; 35 mm.</subfield></datafield><datafield ind1=" " ind2="0" tag="651"><subfield code="a">Omaha (Neb.)</subfield><subfield code="v">Newspapers.</subfield></datafield><datafield ind1=" " ind2="7" tag="651"><subfield code="a">Nebraska</subfield><subfield code="z">Omaha.</subfield><subfield code="2">fast</subfield><subfield code="0">(OCoLC)fst01204995</subfield></datafield><datafield ind1=" " ind2="7" tag="655"><subfield code="a">Newspapers.</subfield><subfield code="2">fast</subfield><subfield code="0">(OCoLC)fst01423814</subfield></datafield><datafield ind1=" " ind2=" " tag="752"><subfield code="a">United States</subfield><subfield code="b">Nebraska</subfield><subfield code="c">Douglas</subfield><subfield code="d">Omaha.</subfield></datafield><datafield ind1="1" ind2=" " tag="775"><subfield code="t">Omaha world-herald (Omaha, Neb. : 1928 : Evening ed.)</subfield></datafield><datafield ind1="1" ind2=" " tag="775"><subfield code="t">Omaha world-herald (Omaha, Neb. : 1928 : Morning ed.)</subfield><subfield code="w">(DLC)sn 95073437</subfield></datafield><datafield ind1="1" ind2=" " tag="776"><subfield code="c">Original</subfield><subfield code="w">(DLC)sn 83045763</subfield></datafield><datafield ind1="0" ind2="0" tag="780"><subfield code="t">Sunday world-herald (Omaha, Neb. : 1906)</subfield><subfield code="w">(DLC)sn 95073436</subfield></datafield><datafield ind1="0" ind2="0" tag="785"><subfield code="t">Sunday world-herald (Omaha, Neb. : 1937)</subfield><subfield code="w">(DLC)sn 95073442</subfield></datafield><datafield ind1="1" ind2=" " tag="029"><subfield code="a">AU@</subfield><subfield code="b">000022177346</subfield></datafield></record>